<?xml version="1.0" encoding="UTF-8"?>
<record xmlns="http://www.loc.gov/MARC21/slim" xmlns:xsi="http://www.w3.org/2001/XMLSchema-instance" xsi:schemaLocation="http://www.loc.gov/MARC21/slim http://www.loc.gov/standards/marcxml/schema/MARC21slim.xsd">
<leader>     cam a2200337 a 4500</leader>
<controlfield tag="001">001932736</controlfield>
<controlfield tag="003">NNU</controlfield>
<controlfield tag="005">19940713181853.0</controlfield>
<controlfield tag="008">890619m19879999ir            000 0 arar</controlfield>
<datafield tag="010" ind1=" " ind2=" ">
<subfield code="a">89930245</subfield>
</datafield>
<datafield tag="035" ind1="9" ind2=" ">
<subfield code="a">NYUb10876803</subfield>
</datafield>
<datafield tag="035" ind1=" " ind2=" ">
<subfield code="a">(CStRLIN)NYUG89-B21723</subfield>
</datafield>
<datafield tag="035" ind1=" " ind2=" ">
<subfield code="a">GLIS008768030</subfield>
</datafield>
<datafield tag="040" ind1=" " ind2=" ">
<subfield code="a">DLC</subfield>
<subfield code="c">DLC</subfield>
<subfield code="d">DLC</subfield>
<subfield code="d">NNU</subfield>
</datafield>
<datafield tag="050" ind1="0" ind2="0">
<subfield code="a">B753</subfield>
<subfield code="b">.F31 1987</subfield>
</datafield>
<datafield tag="090" ind1=" " ind2=" ">
<subfield code="a">B753</subfield>
<subfield code="b">.F31 1987</subfield>
<subfield code="i">05/29/91 CT</subfield>
</datafield>
<datafield tag="100" ind1="0" ind2=" ">
<subfield code="a">Fārābī.</subfield>
</datafield>
<datafield tag="245" ind1="1" ind2="3">
<subfield code="a">al-Manṭiqīyāt lil-Fārābī /</subfield>
<subfield code="c">ḥaqqaqahā wa-qaddama lahā, Muḥammad Taqī Dānishʹpazhūh ; ishrāf, Maḥmūd al-Marʻashī.</subfield>
</datafield>
<datafield tag="250" ind1=" " ind2=" ">
<subfield code="a">al-Ṭabʻah 1.</subfield>
</datafield>
<datafield tag="260" ind1=" " ind2=" ">
<subfield code="a">Qum :</subfield>
<subfield code="b">Maktabat Āyat Allāh al-ʻUẓmá al-Marʻashī al-Najafī,</subfield>
<subfield code="c">1408- [1987 or 1988- ]</subfield>
</datafield>
<datafield tag="300" ind1=" " ind2=" ">
<subfield code="a">v. ;</subfield>
<subfield code="c">25 cm.</subfield>
</datafield>
<datafield tag="500" ind1=" " ind2=" ">
<subfield code="a">Arabic; pref. in Persian.</subfield>
</datafield>
<datafield tag="505" ind1="1" ind2=" ">
<subfield code="a">v. 1. al-Nuṣūṣ al-manṭiqīyah -- v. 2. al-Shurūḥ al-manṭiqīyah -- al-mujallad 3. al-Shurūḥ ʻalá al-nuṣūṣ al-manṭiqīyah</subfield>
</datafield>
<datafield tag="650" ind1=" " ind2="0">
<subfield code="a">Philosophy, Medieval.</subfield>
</datafield>
<datafield tag="650" ind1=" " ind2="0">
<subfield code="a">Logic</subfield>
<subfield code="v">Early works to 1800.</subfield>
</datafield>
<datafield tag="700" ind1="1" ind2=" ">
<subfield code="a">Marʻashī, Maḥmūd.</subfield>
</datafield>
<datafield tag="700" ind1="1" ind2=" ">
<subfield code="a">Dānishʹpazhūh, Muḥammad Taqī.</subfield>
</datafield>
<datafield tag="OWN" ind1=" " ind2=" ">
<subfield code="a">GENERAL</subfield>
</datafield>
<datafield tag="950" ind1=" " ind2=" ">
<subfield code="l">BMAIN</subfield>
<subfield code="n">455:sl\Unanalyzed\</subfield>
<subfield code="i">05/29/91 C</subfield>
</datafield>
<datafield tag="955" ind1=" " ind2=" ">
<subfield code="l">BMAIN</subfield>
<subfield code="c">1:v.2</subfield>
<subfield code="q">89-B21723-1</subfield>
<subfield code="r">015410908</subfield>
<subfield code="i">05/29/91 C</subfield>
</datafield>
<datafield tag="955" ind1=" " ind2=" ">
<subfield code="l">BMAIN</subfield>
<subfield code="c">1:v.3</subfield>
<subfield code="q">89-B21723-1</subfield>
<subfield code="r">015410916</subfield>
<subfield code="i">05/29/91 C</subfield>
</datafield>
<datafield tag="955" ind1=" " ind2=" ">
<subfield code="l">BMAIN</subfield>
<subfield code="c">1:v.1</subfield>
<subfield code="q">89-B21723-1</subfield>
<subfield code="r">015410890</subfield>
<subfield code="i">05/29/91 C</subfield>
</datafield>
<datafield tag="998" ind1=" " ind2=" ">
<subfield code="a">05/29/91</subfield>
<subfield code="t">b</subfield>
<subfield code="s">9110</subfield>
<subfield code="n">NNU</subfield>
<subfield code="w">DCLC89930245B</subfield>
<subfield code="d">06/19/89</subfield>
<subfield code="c">PJV</subfield>
<subfield code="b">PJV</subfield>
<subfield code="i">910529</subfield>
<subfield code="l">NYUG</subfield>
</datafield>
<datafield tag="AVA" ind1=" " ind2=" ">
<subfield code="a">NYU50</subfield>
<subfield code="b">BOBST</subfield>
<subfield code="c">Main Collection</subfield>
<subfield code="d">B753 .F31 1987</subfield>
<subfield code="e">unavailable</subfield>
<subfield code="t">Unavailable</subfield>
<subfield code="f">3</subfield>
<subfield code="g">3</subfield>
<subfield code="h">Y</subfield>
<subfield code="i">0</subfield>
<subfield code="j">MAIN</subfield>
</datafield>
</record>
